<?xml version="1.0" encoding="UTF-8"?><record xmlns="http://www.loc.gov/MARC21/slim" xmlns:cinclude="http://apache.org/cocoon/include/1.0" xmlns:zs="http://www.loc.gov/zing/srw/">
  <leader>00384cz  a2200133n  4500</leader>
  <controlfield tag="001">no2001062474</controlfield>
  <controlfield tag="003">DLC</controlfield>
  <controlfield tag="005">20011116065951.0</controlfield>
  <controlfield tag="008">010808n| acannaabn          |n ana      </controlfield>
  <datafield tag="010" ind1=" " ind2=" ">
    <subfield code="a">no2001062474</subfield>
  </datafield>
  <datafield tag="035" ind1=" " ind2=" ">
    <subfield code="a">(OCoLC)oca05552950</subfield>
  </datafield>
  <datafield tag="040" ind1=" " ind2=" ">
    <subfield code="a">DLC-S</subfield>
    <subfield code="b">eng</subfield>
    <subfield code="c">DLC-S</subfield>
  </datafield>
  <datafield tag="110" ind1="2" ind2=" ">
    <subfield code="a">Biiroo Tuurizimii Oromiyaa</subfield>
  </datafield>
  <datafield tag="670" ind1=" " ind2=" ">
    <subfield code="a">Oromiyaa haabarru, Waxabajjii [June] 1994:</subfield>
    <subfield code="b">t.p. (Biiroo Tuurizimii Oromiyaa)</subfield>
  </datafield>
</record>